<record><leader>00000cas a22000007a 4500</leader><controlfield tag="001">9313713</controlfield><controlfield tag="008">830316d18951917mnuwr ne      0   b0nor d</controlfield><datafield ind1=" " ind2=" " tag="010"><subfield code="a">sn 83025209 </subfield></datafield><datafield ind1=" " ind2=" " tag="040"><subfield code="a">NPV</subfield><subfield code="b">eng</subfield><subfield code="c">NPV</subfield><subfield code="d">MN#</subfield><subfield code="d">SXN</subfield><subfield code="d">OCLCQ</subfield><subfield code="d">OCLCF</subfield><subfield code="d">OCLCO</subfield></datafield><datafield ind1="1" ind2=" " tag="029"><subfield code="a">AU@</subfield><subfield code="b">000025809711</subfield></datafield><datafield ind1=" " ind2=" " tag="042"><subfield code="a">msc</subfield></datafield><datafield ind1=" " ind2=" " tag="043"><subfield code="a">n-us-mn</subfield></datafield><datafield ind1=" " ind2=" " tag="045"><subfield code="a">w9x1</subfield></datafield><datafield ind1=" " ind2=" " tag="052"><subfield code="a">4143</subfield><subfield code="b">P6</subfield></datafield><datafield ind1=" " ind2=" " tag="052"><subfield code="a">4173</subfield><subfield code="b">T7</subfield></datafield><datafield ind1=" " ind2=" " tag="052"><subfield code="a">4144</subfield><subfield code="b">C8</subfield></datafield><datafield ind1="0" ind2="0" tag="245"><subfield code="a">Vesterheimen.</subfield></datafield><datafield ind1=" " ind2=" " tag="260"><subfield code="a">Mayville ;</subfield><subfield code="a">Hatton, N. Dak. :</subfield><subfield code="b">G.T. Hagen</subfield></datafield><datafield ind1=" " ind2=" " tag="300"><subfield code="a">v.</subfield></datafield><datafield ind1="1" ind2=" " tag="362"><subfield code="a">Began in 1895? Ceased in 1917?</subfield><subfield code="z">Cf. O.M. Hovde and M.E. Henzler. Norwegian-Amer. newspapers in Luther Coll. Lib.</subfield></datafield><datafield ind1=" " ind2=" " tag="500"><subfield code="a">Published at Crookston, Minn., &lt;Sept. 26, 1900-&gt;</subfield></datafield><datafield ind1=" " ind2=" " tag="500"><subfield code="a">Editor: G.T. Hagen.</subfield></datafield><datafield ind1=" " ind2=" " tag="546"><subfield code="a">In Norwegian.</subfield></datafield><datafield ind1=" " ind2=" " tag="588"><subfield code="a">Description based on: 5te aarg., no. 37 (9de sept., 1896).</subfield></datafield><datafield ind1=" " ind2="0" tag="650"><subfield code="a">Norwegians</subfield><subfield code="z">Minnesota</subfield><subfield code="v">Newspapers.</subfield></datafield><datafield ind1=" " ind2="0" tag="650"><subfield code="a">Norwegians</subfield><subfield code="z">North Dakota</subfield><subfield code="v">Newspapers.</subfield></datafield><datafield ind1=" " ind2="7" tag="655"><subfield code="a">Newspapers.</subfield><subfield code="2">fast</subfield><subfield code="0">(OCoLC)fst01423814</subfield></datafield><datafield ind1=" " ind2="7" tag="650"><subfield code="a">Norwegians.</subfield><subfield code="2">fast</subfield><subfield code="0">(OCoLC)fst01039481</subfield></datafield><datafield ind1=" " ind2="7" tag="651"><subfield code="a">Minnesota.</subfield><subfield code="2">fast</subfield><subfield code="0">(OCoLC)fst01204560</subfield></datafield><datafield ind1=" " ind2="7" tag="651"><subfield code="a">North Dakota.</subfield><subfield code="2">fast</subfield><subfield code="0">(OCoLC)fst01205582</subfield></datafield><datafield ind1="1" ind2=" " tag="700"><subfield code="a">Hagen, G. T.</subfield></datafield><datafield ind1=" " ind2=" " tag="752"><subfield code="a">United States</subfield><subfield code="b">Minnesota</subfield><subfield code="c">Polk</subfield><subfield code="d">Crookston.</subfield></datafield><datafield ind1=" " ind2=" " tag="752"><subfield code="a">United States</subfield><subfield code="b">North Dakota</subfield><subfield code="c">Traill</subfield><subfield code="d">Mayville.</subfield></datafield><datafield ind1=" " ind2=" " tag="752"><subfield code="a">United States</subfield><subfield code="b">North Dakota</subfield><subfield code="c">Traill</subfield><subfield code="d">Hatton.</subfield></datafield><datafield ind1="0" ind2="0" tag="780"><subfield code="t">Banneret</subfield></datafield></record>